<record><leader>00000cas a22000007a 4500</leader><controlfield tag="001">23612950</controlfield><controlfield tag="008">910426d19331933mnuwr ne      0    0eng d</controlfield><datafield ind1=" " ind2=" " tag="010"><subfield code="a">sn 90059346 </subfield></datafield><datafield ind1=" " ind2=" " tag="040"><subfield code="a">MN#</subfield><subfield code="b">eng</subfield><subfield code="c">MN#</subfield><subfield code="d">OCLCQ</subfield><subfield code="d">OCLCF</subfield><subfield code="d">OCLCO</subfield></datafield><datafield ind1="1" ind2=" " tag="029"><subfield code="a">AU@</subfield><subfield code="b">000025881838</subfield></datafield><datafield ind1=" " ind2=" " tag="042"><subfield code="a">msc</subfield></datafield><datafield ind1=" " ind2=" " tag="043"><subfield code="a">n-us-mn</subfield></datafield><datafield ind1=" " ind2=" " tag="052"><subfield code="a">4144</subfield><subfield code="b">S4</subfield></datafield><datafield ind1="0" ind2="0" tag="245"><subfield code="a">Lawyer's weekly news.</subfield></datafield><datafield ind1=" " ind2=" " tag="260"><subfield code="a">St. Paul, Ramsey County, Minn. :</subfield><subfield code="b">LaBeau Pub. Co.,</subfield><subfield code="c">1933-</subfield></datafield><datafield ind1=" " ind2=" " tag="300"><subfield code="a">v.</subfield></datafield><datafield ind1=" " ind2=" " tag="310"><subfield code="a">Weekly</subfield></datafield><datafield ind1="0" ind2=" " tag="362"><subfield code="a">Vol. 1, no. 1 [(Oct. 21, 1933)]-</subfield></datafield><datafield ind1="1" ind2=" " tag="362"><subfield code="a">Ceased in 1933?</subfield></datafield><datafield ind1=" " ind2=" " tag="530"><subfield code="a">Available on microfilm from the Minnesota Historical Society.</subfield></datafield><datafield ind1="1" ind2="0" tag="610"><subfield code="a">Minnesota.</subfield><subfield code="b">Supreme Court</subfield><subfield code="v">Cases.</subfield></datafield><datafield ind1=" " ind2="7" tag="655"><subfield code="a">Trials, litigation, etc.</subfield><subfield code="2">fast</subfield><subfield code="0">(OCoLC)fst01423712</subfield></datafield><datafield ind1="1" ind2="7" tag="610"><subfield code="a">Minnesota.</subfield><subfield code="b">Supreme Court.</subfield><subfield code="2">fast</subfield><subfield code="0">(OCoLC)fst00540025</subfield></datafield></record>